References around the NIST SHA-3 Competition.
Prefix these references with 's_'.

@techreport{s_nistround2,
    author = "A. Regenscheid and R. Perlner and S. Chang and J. Kelsey and M. Nandi and S. Paul",
    title = "{NISTIR 7620: Status Report on the First Round of the SHA-3
        Cryptographic Hash Algorithm Competition}",
    institution = "NIST",
    year = "2009",
    note = "From \url{http://csrc.nist.gov/groups/ST/hash/sha-3/Round1/documents/sha3_NISTIR7620.pdf}"
}

@article{s_fedreg,
    author = "NIST",
    title = "{Announcing Request for Candidate Algorithm Nominations for a New
Cryptographic Hash Algorithm (SHA-3) Family}",
    journal = "Federal Register",
    volume = "72",
    number = "212",
    year = "2007",
    month = "11",
    note = "From \url{http://csrc.nist.gov/groups/ST/hash/documents/FR_Notice_Nov07.pdf}",
}

@misc{s_supercop,
    title = "SUPERCOP",
    author = "VAMPIRE Lab",
    howpublished = "\url{http://bench.cr.yp.to/supercop.html}",
    year = "2010",
    month = "October",
    note = "Version 2010.10.15",
}

@misc{s_tahoe_supercop,
    title = "{Tahoe04 SUPERCOP results}",
    howpublished = "\url{http://bench.cr.yp.to/web-impl/x86-tahoe04-crypto_hash.html}",
    note = "Retrieved October 29, 2010",
}

@book{stallings,
    title = "Cryptography and {N}etwork {S}ecurity -- {P}rinciples and {P}ractices",
    author = "William Stallings",
    publisher = "Pearson Education Inc.",
    year = "2006",
    edition = "Fourth",
}

@book{schneier,
    title = "{Cryptography Engineering: Design Principles and Practical Applications}",
    author = "Niels Ferguson and Bruce Schneier and Tadayoshi Kohno",
    publisher = "Wiley Publishing Inc.",
    year = "2010",
}

@techreport{s_nistapi,
    author = "NIST",
    title = "{ANSI C Cryptographic API Profile for SHA-3 Candidate Algorithm
        Submissions}",
    institution = "NIST",
    year = "2009",
    month = "February",
    note = "From \url{http://csrc.nist.gov/groups/ST/hash/documents/SHA3-C-API.pdf}"
}

@misc{s_supercopapi,
    title = "Call for hash software for benchmarking",
    author = "VAMPIRE Lab",
    howpublished = "\url{http://bench.cr.yp.to/call-hash.html}",
    year = "2010",
    month = "September",
    note = "Version 2010.09.03",
}

@misc{s_pornin,
    author = "Thomas Pornin",
    howpublished = "Personal communication",
    month = "October 16",
    year = "2010"
}

@misc{s_simd,
    author = "GaÃ«tan Leurent",
    howpublished = "Personal communication",
    month = "November 10",
    year = "2010"
}
