References directly associated with the Tahoe-LAFS.
Prefix these references with 't_'.

@misc{t_tahoe,
    author = "Zooko Wilcox-O'Hearn and Brian Warner",
    title = "{Tahoe - The Least-Authority Filesystem}",
    year = "2008",
    note = "From \url{http://tahoe-lafs.org/~zooko/lafs.pdf}"
}
@article{t_ars,
    author = "Ryan Paul",
    title = "{P2P-like Tahoe filesystem offers secure storage in the cloud}",
    journal = "Ars Technica",
    year = "2009",
    month = "August",
    note = "From \url{http://arstechnica.com/open-source/news/2009/08/p2p-like-tahoe-filesystem-offers-secure-storage-in-the-cloud.ars}"
}
@techreport{t_erasure,
    author = "Hakim Weatherspoon and John D. Kubiatowicz",
    title = "{Erasure Coding vs. Replication: A Quantitative Comparison}",
    institution = "CSD, University of California, Berkeley",
    year = "2002"
}
